Bibliography


@article{Elvidge_Baugh_Zhizhin_Hsu_Ghosh_2017, title={VIIRS night-time lights}, volume={38}, DOI={10.1080/01431161.2017.1342050}, number={21}, journal={International Journal of Remote Sensing}, author={Elvidge, Christopher D and Baugh, Kimberly and Zhizhin, Mikhail and Hsu, Feng Chi and Ghosh, Tilottama}, year={2017}, month={Jun}, pages={5860–5879} }

@article{Tibshirani_1996,urldate={2020-08-05},  title={Regression Shrinkage and Selection via the Lasso}, volume={58}, url={https://www.jstor.org/stable/2346178}, number={1}, journal={Journal of the Royal Statistical Society. Series B (Methodological)}, author={Tibshirani, Robert}, year={1996}, pages={267–288} }

